@article{Athron:2021evk,
    author = {Athron, Peter and Balazs, Csaba and Cherchiglia, Adriano and Jacob, Douglas H. J. and St\"ockinger, Dominik and St\"ockinger-Kim, Hyejung and Voigt, Alexander},
    title = "{Two-loop prediction of the anomalous magnetic moment of the muon in the Two-Higgs Doublet Model with GM2Calc 2}",
    eprint = "2110.13238",
    archivePrefix = "arXiv",
    primaryClass = "hep-ph",
    doi = "10.1140/epjc/s10052-022-10148-9",
    journal = "Eur. Phys. J. C",
    volume = "82",
    number = "3",
    pages = "229",
    year = "2022"
}

@misc{einstein,
    title = {Albert Einstein scratching his head: with Jakob Klatzkin (left) and Abraham S. Yahuda (right) in Saranac Lake},
    howpublished = {\url{https://www.lbi.org/griffinger/record/243953}},
    month = {8},  
    year = {1941},
}

@misc{muon-g-2-moving,
    title = {Muon g-2 -- Moving the worl'd largest electromagnetic ring},
    howpublished = {\url{https://youtu.be/rGLpMigWIIs}},
    month = {7},
    year = {2013}
}

@article{CERN-Mainz-Daresbury:1978ccd,
    author = "Bailey, J. and others",
    collaboration = "CERN-Mainz-Daresbury",
    title = "{Final Report on the CERN Muon Storage Ring Including the Anomalous Magnetic Moment and the Electric Dipole Moment of the Muon, and a Direct Test of Relativistic Time Dilation}",
    reportNumber = "Print-79-0088 (CERN)",
    doi = "10.1016/0550-3213(79)90292-X",
    journal = "Nucl. Phys. B",
    volume = "150",
    pages = "1--75",
    year = "1979"
}

@article{Muong-2:2006rrc,
    author = "Bennett, G. W. and others",
    collaboration = "Muon g-2",
    title = "{Final Report of the Muon E821 Anomalous Magnetic Moment Measurement at BNL}",
    eprint = "hep-ex/0602035",
    archivePrefix = "arXiv",
    doi = "10.1103/PhysRevD.73.072003",
    journal = "Phys. Rev. D",
    volume = "73",
    pages = "072003",
    year = "2006"
}

@article{PhysRevLett.126.141801,
  title = {Measurement of the Positive Muon Anomalous Magnetic Moment to 0.46 ppm},
  author = {Abi, B. and Albahri, T. and Al-Kilani, S. and Allspach, D. and Alonzi, L. P. and Anastasi, A. and Anisenkov, A. and Azfar, F. and Badgley, K. and Bae\ss{}ler, S. and Bailey, I. and Baranov, V. A. and Barlas-Yucel, E. and Barrett, T. and Barzi, E. and Basti, A. and Bedeschi, F. and Behnke, A. and Berz, M. and Bhattacharya, M. and Binney, H. P. and Bjorkquist, R. and Bloom, P. and Bono, J. and Bottalico, E. and Bowcock, T. and Boyden, D. and Cantatore, G. and Carey, R. M. and Carroll, J. and Casey, B. C. K. and Cauz, D. and Ceravolo, S. and Chakraborty, R. and Chang, S. P. and Chapelain, A. and Chappa, S. and Charity, S. and Chislett, R. and Choi, J. and Chu, Z. and Chupp, T. E. and Convery, M. E. and Conway, A. and Corradi, G. and Corrodi, S. and Cotrozzi, L. and Crnkovic, J. D. and Dabagov, S. and De Lurgio, P. M. and Debevec, P. T. and Di Falco, S. and Di Meo, P. and Di Sciascio, G. and Di Stefano, R. and Drendel, B. and Driutti, A. and Duginov, V. N. and Eads, M. and Eggert, N. and Epps, A. and Esquivel, J. and Farooq, M. and Fatemi, R. and Ferrari, C. and Fertl, M. and Fiedler, A. and Fienberg, A. T. and Fioretti, A. and Flay, D. and Foster, S. B. and Friedsam, H. and Frle\ifmmode \check{z}\else \v{z}\fi{}, E. and Froemming, N. S. and Fry, J. and Fu, C. and Gabbanini, C. and Galati, M. D. and Ganguly, S. and Garcia, A. and Gastler, D. E. and George, J. and Gibbons, L. K. and Gioiosa, A. and Giovanetti, K. L. and Girotti, P. and Gohn, W. and Gorringe, T. and Grange, J. and Grant, S. and Gray, F. and Haciomeroglu, S. and Hahn, D. and Halewood-Leagas, T. and Hampai, D. and Han, F. and Hazen, E. and Hempstead, J. and Henry, S. and Herrod, A. T. and Hertzog, D. W. and Hesketh, G. and Hibbert, A. and Hodge, Z. and Holzbauer, J. L. and Hong, K. W. and Hong, R. and Iacovacci, M. and Incagli, M. and Johnstone, C. and Johnstone, J. A. and Kammel, P. and Kargiantoulakis, M. and Karuza, M. and Kaspar, J. and Kawall, D. and Kelton, L. and Keshavarzi, A. and Kessler, D. and Khaw, K. S. and Khechadoorian, Z. and Khomutov, N. V. and Kiburg, B. and Kiburg, M. and Kim, O. and Kim, S. C. and Kim, Y. I. and King, B. and Kinnaird, N. and Korostelev, M. and Kourbanis, I. and Kraegeloh, E. and Krylov, V. A. and Kuchibhotla, A. and Kuchinskiy, N. A. and Labe, K. R. and LaBounty, J. and Lancaster, M. and Lee, M. J. and Lee, S. and Leo, S. and Li, B. and Li, D. and Li, L. and Logashenko, I. and Lorente Campos, A. and Luc\`a, A. and Lukicov, G. and Luo, G. and Lusiani, A. and Lyon, A. L. and MacCoy, B. and Madrak, R. and Makino, K. and Marignetti, F. and Mastroianni, S. and Maxfield, S. and McEvoy, M. and Merritt, W. and Mikhailichenko, A. A. and Miller, J. P. and Miozzi, S. and Morgan, J. P. and Morse, W. M. and Mott, J. and Motuk, E. and Nath, A. and Newton, D. and Nguyen, H. and Oberling, M. and Osofsky, R. and Ostiguy, J.-F. and Park, S. and Pauletta, G. and Piacentino, G. M. and Pilato, R. N. and Pitts, K. T. and Plaster, B. and Po\ifmmode \check{c}\else \v{c}\fi{}ani\ifmmode \acute{c}\else \'{c}\fi{}, D. and Pohlman, N. and Polly, C. C. and Popovic, M. and Price, J. and Quinn, B. and Raha, N. and Ramachandran, S. and Ramberg, E. and Rider, N. T. and Ritchie, J. L. and Roberts, B. L. and Rubin, D. L. and Santi, L. and Sathyan, D. and Schellman, H. and Schlesier, C. and Schreckenberger, A. and Semertzidis, Y. K. and Shatunov, Y. M. and Shemyakin, D. and Shenk, M. and Sim, D. and Smith, M. W. and Smith, A. and Soha, A. K. and Sorbara, M. and St\"ockinger, D. and Stapleton, J. and Still, D. and Stoughton, C. and Stratakis, D. and Strohman, C. and Stuttard, T. and Swanson, H. E. and Sweetmore, G. and Sweigart, D. A. and Syphers, M. J. and Tarazona, D. A. and Teubner, T. and Tewsley-Booth, A. E. and Thomson, K. and Tishchenko, V. and Tran, N. H. and Turner, W. and Valetov, E. and Vasilkova, D. and Venanzoni, G. and Volnykh, V. P. and Walton, T. and Warren, M. and Weisskopf, A. and Welty-Rieger, L. and Whitley, M. and Winter, P. and Wolski, A. and Wormald, M. and Wu, W. and Yoshikawa, C.},
  collaboration = {Muon $g-2$ Collaboration},
  journal = {Phys. Rev. Lett.},
  volume = {126},
  issue = {14},
  pages = {141801},
  numpages = {11},
  year = {2021},
  month = {Apr},
  publisher = {American Physical Society},
  doi = {10.1103/PhysRevLett.126.141801},
  url = {https://link.aps.org/doi/10.1103/PhysRevLett.126.141801}
}

@article{Miller:2012opa,
    author = {Miller, James P. and de Rafael, Eduardo and Roberts, B. Lee and St\"ockinger, Dominik},
    title = "{Muon (g-2): Experiment and Theory}",
    doi = "10.1146/annurev-nucl-031312-120340",
    journal = "Ann. Rev. Nucl. Part. Sci.",
    volume = "62",
    pages = "237--264",
    year = "2012"
}

@misc{BNL-ring,
    title = {},
    howpublished = {\url{https://www.g-2.bnl.gov/pictures/index.html}}
}

% image number: 13-0221-08
@misc{Transport1,
    title = {The g-2 Muon Magnet Ring - third nights move arriving at Fermilab},
    month = {7},
    year = {2013},
    howpublished = {\url{https://vms.fnal.gov/asset/detail?recid=1819131}}
}

@misc{Transport2,
    title = {The Big Move},
    howpublished = {Dominik Stöckinger, ``Neues aus der Teilchenphysik -- Spektakuläres Ergebnis des Myon g-2 Experiments und seine Folgen'', Lange Nacht der Wissenschaften, 2021}
}

@misc{Transport3,
    title = {The Muon g-2 electromagnet passes by the St. Louis Arch on its way to Fermilab in Illinois.},
    year = {2013},
    howpublished = {\url{https://muon-g-2.fnal.gov/bigmove/images/gallery/20130719-St-Louis-Arch.jpg}}
}

% image number: 17-0188-17
@misc{FNAL-ring,
    title = {Muon g-2 Experiment},
    month = {8},
    year = {2017},
    howpublished = {\url{https://vms.fnal.gov/asset/detail?recid=1950114}}
}

@article{Muong-2:2015xgu,
    author = "Grange, J. and others",
    collaboration = "Muon g-2",
    title = "{Muon (g-2) Technical Design Report}",
    eprint = "1501.06858",
    archivePrefix = "arXiv",
    primaryClass = "physics.ins-det",
    reportNumber = "FERMILAB-FN-0992-E, FERMILAB-DESIGN-2014-02",
    month = "1",
    year = "2015"
}

@misc{abell,
    title = {Abell 1689},
    author = {Hubble},
    month = {1},
    year = {2003},
    howpublished = {\url{http://hubblesite.org/newscenter/newsdesk/archive/releases/2003/01/image/a}}
}

@misc{M101,
    title = {M101},
    author = {Hubble},
    month = {2},
    year = {2006},
    howpublished = {\url{http://hubblesite.org/newscenter/newsdesk/archive/releases/2006/10/image/a}}
}

@misc{galaxy-rotation,
    title = {Comparison of rotating disc galaxies in the distant Universe and the present day},
    author = {ESO/L. Calçada},
    month = {3},
    year = {2017},
    howpublished = {\url{https://en.wikipedia.org/wiki/File:Comparison_of_rotating_disc_galaxies_in_the_distant_Universe_and_the_present_day.webm}}
}

@misc{bar-magnet,
    title = {Bar magnet},
    author = {Aney},
    month = {3},
    year = {2006},
    howpublished = {\url{https://commons.wikimedia.org/wiki/File:Bar_magnet.jpg}}
}

@misc{schwinger-headstone,
    title = {Julian Schwinger headstone},
    author = {Jacob Bourjaily},
    month = {4},
    year = {2013},
    howpublished = {\url{https://commons.wikimedia.org/wiki/File:Julian_Schwinger_headstone.JPG}}
}
